% Encoding: windows-1252
@online{1,
	title = {Shipment forecast of laptops, desktop PCs and tablets worldwide from 2010 to 2021 },
	date={2017},
	organization = {Statista},
	author = {Statista},
	url = {https://www.statista.com/statistics/272595/global-shipments-forecast-for-tablets-laptops-and-desktop-pcs/},
	urldate = {10/12/2017},
}
@online{2,
	title = {Annual sales volume of smartphones, tablets, wearables and laptops in France from 2011 to 2016},
	date={2017},
	organization = {Statista},
	author = {Statista},
	url = {https://www.statista.com/statistics/420376/smartphone-tablets-laptops-sales-france/},
	urldate = {10/12/2017},
}
@article{3,
  author       = {Norris, Soloway},
  title        = {Learning and Schooling in the Age of Mobilism},
  journal      = {EDUCATIONAL TECHNOLOGY},
  journaltitle = {EDUCATIONAL TECHNOLOGY},
  year         = {2011},
  date         = {2011},
  url          =  {"http://cecs5580.pbworks.com/w/file/fetch/50304204/Soloway%20Ed%20Tech-learning%20and%20Schooling%20in%20the%20Age%20of%20Mobilism.pdf"},
  urldate      = {10/12/2017},
}
@online{4,
	title = {DC: 87\% Of Connected Devices Sales By 2017 Will Be Tablets And Smartphones},
	date={2013},
	organization = {Forbes},
	author = {Colombus},
	url = {https://www.forbes.com/sites/louiscolumbus/2013/09/12/idc-87-of-connected-devices-by-2017-will-be-tablets-and-smartphones/#55e72516a000},
	urldate = {10/12/2017},
}
@online{5,
	title = {Press Release: By 2018, More Than 50 Percent of Users Will Use a Tablet or Smartphone First for All Online Activities },
	date={2014},
	organization = {Gartner},
	author = {Gartner},
	url = {https://www.gartner.com/newsroom/id/2939217},
	urldate = {10/12/2017},
}

@Comment{jabref-meta: databaseType:biblatex;}
